@inproceedings{yeh1993comparison,
  title={A comparison of dynamic branch predictors that use two levels of branch history},
  author={Yeh, Tse-Yu and Patt, Yale N},
  booktitle={ACM SIGARCH Computer Architecture News},
  volume={21},
  number={2},
  pages={257--266},
  year={1993},
  organization={ACM}
}	






